@misc{rfc6347,
  author="E. Rescorla",
  title="{Datagram Transport Layer Security Version 1.2}",
  series="Request for Comments",
  number="1",
  howpublished="RFC 6347",
  publisher="IETF",
  organization="Internet Engineering Task Force",
  year=2012,
  month=jan,
    url="www.tools.ietf.org/html/rfc6347",
}

@misc{draftTLSv1.3,
  author="E. Rescorla",
  title="{Transport Layer Security Version 1.3}",
  series="Draft",
  publisher="IETF",
  organization="Internet Engineering Task Force",
  year=2018,
  month=March,
    url="https://tools.ietf.org/html/draft-ietf-tls-tls13-28",
}

@misc{draftDTLSv1.3,
  author="E. Rescorla",
  title="{Datagram Transport Layer Security Version 1.3}",
  series="Draft",
  publisher="IETF",
  organization="Internet Engineering Task Force",
  year=2018,
  month=July,
    url="https://tools.ietf.org/html/draft-ietf-tls-dtls13-28",
}

@misc{designAndImlementationOfDTLS,
  author="E. Rescorla",
  title="{The Design and Implementation of Datagram TLS}",
}

@misc{rfc5246,
  author="T. Dierks",
  title="{The Transport Layer Security (TLS) Protocol Version 1.2}",
  series="Request for Comments",
  number="2",
  howpublished="RFC 5246",
  publisher="IETF",
  organization="Network Working Group",
  year=2008,
  month=aug,
    url="www.tools.ietf.org/html/rfc5246",
}

@misc{ivESK,
  title="{The Institute of reliable Embedded Systems and
  Communications Electronics}",
  number="3",
    url="www.ivesk.hs-offenburg.de/en",
}

@misc{zurawski2014industrial,
  title="{Industrial communication technology handbook}",
  author="{Richard Zurawski}",
  year=2014,
  publisher="CRC Press",
  number="4",
}

@misc{koscher2010experimental,
  title={Experimental security analysis of a modern automobile},
  author={Karl Koscher},
  year={2010},
  number="5",
    url="www.autosec.org/pubs/cars-oakland2010.pdf"
}

@misc{profinet2013ethernet,
  title={Industrial Ethernet for real-time applications},
  author={Profinet},
  year={2013},
  number="6",
    url="http://us.profinet.com/so-is-ethernet-deterministic-or-not/",
}

@misc{kunbusIndustrialEthernet,
  title={Industrial Ethernet},
    url="https://www.kunbus.de/industrial-ethernet.html",
}


@misc{KunbusSafetyNETp,
  title={SAFETYNET P - FOCUS ON SAFE AUTOMATION},
    url="https://www.kunbus.de/safetynet.html",
}

@misc{JonasFieldbus,
  title={Introduction to Fieldbuses for Process Control},
  author={Jonas Berge},
    url="http://www.science.upm.ro/~traian/web_curs/Scada/docum/fieldbus.pdf",
}

@misc{pilzSafetyNETpForRealTimeEthernet,
  title={SafetyNET p Real-time Ethernet for complete automation},
  author={Safety Network International e. V.},
    url="http://donar.messe.de/exhibitor/hannovermesse/2016/C124313/safetynet-p-realtime-ethernet-eng-294559.pdf",
}

@misc{SSLHistory,
  title="{SSL/TLS History}",
    url="https://www.acunetix.com/blog/articles/history-of-tls-ssl-part-2/",
}

@misc{revpi,
  author="Kunbus",
  title="{Revolution Pi}",
    url="https://revolution.kunbus.com/wp-content/uploads/manuell/datenblatt/revolution_pi_flyer_en.pdf",
}

@misc{SSL,
  author="Margaret Rouse",
  title="{Secure Sockets Layer (SSL)}",
  number="7",
  howpublished="What is SSL ?",
  year=2016,
  month=nov,
    url="www.searchsecurity.techtarget.com/definition/Secure-Sockets-Layer-SSL",
}

@misc{rfc2246,
  author="T. Dierks Certicom and C. Allen Certicom",
  title="{The TLS Protocol Version 1.0}",
  series="Request for Comments",
  number="8",
  howpublished="RFC 2246",
  publisher="IETF",
  organization="Internet Engineering Task Force",
  year=1999,
  month=jan,
    url="www.tools.ietf.org/html/rfc2246",
}

@misc{rfc6176,
  author="S. Turner and T. Polk",
  title="{Prohibiting Secure Sockets Layer (SSL) Version 2.0}",
  series="Request for Comments",
  number="9",
  howpublished="RFC 6176",
  publisher="IETF",
  organization="Internet Engineering Task Force",
  year=2011,
  month=mar,
    url="www.tools.ietf.org/html/rfc6176",
}

@misc{rfc4347,
  author="E. Rescorla and N. Modadugu",
  title="{Datagram Transport Layer Security}",
  series="Request for Comments",
  number="10",
  howpublished="RFC 4347",
  publisher="IETF",
  organization="Internet Engineering Task Force",
  year=2006,
  month=Apr,
    url="www.tools.ietf.org/html/rfc4347",
}

@misc{pilz_rail_engineering,
  title="{Pilz rail engineering}",
    url="https://www.pilz.com/en-INT/products-solutions/industry/railway",
}

@misc{WolfSSL,
  title="{WolfSSL}",
    url="https://www.wolfssl.com/",
}

@misc{OpenSSL,
  title="{OpenSSL}",
    url="www.openssl.org",
}

@misc{MatrixSSL,
  title="{MatrixSSL}",
    url="www.github.com/matrixssl/matrixssl",
}

@misc{MbedTLS,
  title="{MatrixSSL}",
    url="https://tls.mbed.org/",
}

@misc{Cryptology,
  author="Henk C.A. van Tilborg",
  title="{FUNDAMENTALS OF CRYPTOLOGY}",
  publisher="KLUWER ACADEMIC PUBLISHERS",
    url="https://hyperelliptic.org/tanja/teaching/cryptoI13/cryptodict.pdf",
}



@misc{rfc2828,
  author="R. Shirey",
  title="{Internet Security Glossary}",
  series="Request for Comments",
  number="14",
  howpublished="RFC 2828",
  publisher="IETF",
  organization="Internet Engineering Task Force",
  year=2000,
  month=May,
    url="www.tools.ietf.org/rfc/rfc2828",
}

@misc{nistfips,
  author="Carlos M. Gutierrez and James M. Turner",
  title="{FIPS PUB 198-1: The Keyed-Hash Message Authentication Code (HMAC)}",
  number="15",
  howpublished="FIPS PUB 198-1",
  publisher="NIST",
  organization="National Institute of Standards and Technology",
  year=2008,
  month=jul,
    url="www.nvlpubs.nist.gov/nistpubs/FIPS/NIST.FIPS.198-1.pdf",
}

@misc{tlslimits,
  author="Atul Luykx and Kenneth G. Paterson",
  title="{Limits on Authenticated Encryption Use in TLS}",
  number="16",
  howpublished="Limits on Authenticated Encryption Use in TLS",
  year=2016,
  month=mar,
    url="www.isg.rhul.ac.uk/~kp/TLS-AEbounds.pdf",
}

@misc{libsodium,
  title="{The Sodium crypto library (libsodium)}",
  number="17",
  howpublished="Limits on Authenticated Encryption Use in TLS",
    url="www.download.libsodium.org/doc",
}

@misc{oxford,
  title="{Definition of Internet of things in Oxford Dictionnary}",
  number="18",
    url="en.oxforddictionaries.com/definition/internet_of_things",
}

@misc{aesni,
  title="{Intel Advanced Encryption Standard Instructions (AES-NI)}",
  number="19",
    url="software.intel.com/en-us/articles/intel-advanced-encryption-standard-instructions-aes-ni",
}

@misc{cloudflare,
  title="{Do the ChaCha: better mobile performance with cryptography}",
  number="20",
  howpublished="Do the ChaCha: better mobile performance with cryptography",
  year=2015,
  month=feb,
    url="blog.cloudflare.com/do-the-chacha-better-mobile-performance-with-cryptography/",
}

@misc{fuzzingproject,
  title="{Fun with Bignums: Crashing MatrixSSL and more}",
  number="21",
  howpublished="Fun with Bignums: Crashing MatrixSSL and more",
  year=2016,
  month=jul,
    url="blog.fuzzing-project.org/51-Fun-with-Bignums-Crashing-MatrixSSL-and-more.html",
}

@misc{tinydtls,
  title="{Eclipse TinyDTLS}",
  number="22",
  howpublished="Eclipse TinyDTLS",
    url="projects.eclipse.org/projects/iot.tinydtls",
}

@misc{tinydtlsdata,
  title="{Eclipse TinyDTLS Data Structures}",
  number="23",
  howpublished="Eclipse TinyDTLS Data Structures",
    url="tinydtls.sourceforge.net/structsession__t.html",
}

@misc{costlyaes,
  author="Bruce Schneier and John Kelsey and others",
  title="{AES Performance Comparisons}",
  number="24",
    url="csrc.nist.gov/archive/aes/round1/conf2/Schneier.pdf",
}

@misc{googlesaysit,
  author="Elie Bursztein",
  title="{Speeding up and strengthening HTTPS connections for Chrome on Android}",
  number="25",
    url="security.googleblog.com/2014/04/speeding-up-and-strengthening-https.html",
}

@misc{aptbref,
  author="A. Sikora and M. Schappacher and A. Yushev and V. F.Groza",
  title="{A novel virtualized testbed for embedded networking nodes (VTENN)}",
  number="26",
  publisher="ivESK",
  year=2017,
  month=may,
    url="ieeexplore.ieee.org/abstract/document/7969667/?reload=true",
}
@misc{andywalz,
  author="Andreas Walz",
  title="{micro-man-tools}",
  number="27",
    url="github.com/phantax/micro-man-tools",
}

@misc{goolg,
  author="Google",
  title="{Speeding up and strengthening HTTPS connections for Chrome on Android}",
  number="28",
    url="security.googleblog.com/2014/04/speeding-up-and-strengthening-https.html",
}

@misc{goolg2,
  author="Google",
  title="{A roster of TLS cipher suites weaknesses}",
  number="29",
    url="security.googleblog.com/2013/11/a-roster-of-tls-cipher-suites-weaknesses.html",
}
